<record><leader>00000cas a22000007a 4500</leader><controlfield tag="001">12877414</controlfield><controlfield tag="008">851206d19241977wvuwr ne      0    0eng d</controlfield><datafield ind1=" " ind2=" " tag="010"><subfield code="a">sn 85059746 </subfield></datafield><datafield ind1=" " ind2=" " tag="040"><subfield code="a">WVC</subfield><subfield code="b">eng</subfield><subfield code="c">WVC</subfield><subfield code="d">DLC</subfield><subfield code="d">OCL</subfield><subfield code="d">OCLCQ</subfield></datafield><datafield ind1=" " ind2=" " tag="042"><subfield code="a">msc</subfield></datafield><datafield ind1="0" ind2=" " tag="130"><subfield code="a">Salem herald (Salem, W. Va. : 1924)</subfield></datafield><datafield ind1="1" ind2="4" tag="245"><subfield code="a">The Salem herald.</subfield></datafield><datafield ind1=" " ind2=" " tag="260"><subfield code="a">Salem, W. Va. :</subfield><subfield code="b">Salem Herald Pub. Co.,</subfield><subfield code="c">-1977.</subfield></datafield><datafield ind1=" " ind2=" " tag="300"><subfield code="a">v.</subfield></datafield><datafield ind1=" " ind2=" " tag="310"><subfield code="a">Weekly</subfield></datafield><datafield ind1="1" ind2=" " tag="362"><subfield code="a">Began in 1924.</subfield><subfield code="z">Cf. Publisher's block.</subfield></datafield><datafield ind1="0" ind2=" " tag="362"><subfield code="a">-v. 79, no. 31 (Aug. 2, 1977).</subfield></datafield><datafield ind1=" " ind2=" " tag="500"><subfield code="a">Editor: C.E. Meredith.</subfield></datafield><datafield ind1=" " ind2=" " tag="588"><subfield code="a">Description based on: Vol. 10, no. 39 (Oct. 7, 1926).</subfield></datafield><datafield ind1=" " ind2=" " tag="752"><subfield code="a">United States</subfield><subfield code="b">West Virginia</subfield><subfield code="c">Harrison</subfield><subfield code="d">Salem.</subfield></datafield><datafield ind1="0" ind2="0" tag="780"><subfield code="t">Herald-express</subfield><subfield code="w">(DLC)sn 85059745</subfield></datafield><datafield ind1="0" ind2="7" tag="785"><subfield code="t">West Union record</subfield><subfield code="w">(DLC)sn 85059611</subfield></datafield><datafield ind1="0" ind2="7" tag="785"><subfield code="t">Herald record (West Union, W. Va.)</subfield><subfield code="w">(DLC)sn 85059612</subfield></datafield><datafield ind1="1" ind2=" " tag="029"><subfield code="a">AU@</subfield><subfield code="b">000021635647</subfield></datafield></record>